@Article{DBRANES1,
author = "PAOLO DI VECCHIA \& ANTONELLA LICCARDO",
title = "D BRANES IN STRING THEORY I",
journal = "hep-th 9912161",
year = "1999",
}

@Article{DBRANES2,
author = "PAOLO DI VECCHIA \& ANTONELLA LICCARDO",
title = "D BRANES IN STRING THEORY II",
journal = "hep-th 9912275",
year = "1999",
}

@Book{IntroCFT,
author = "R. Blumenhagen, E. Plauschinn",
title = "Introduction to Conformal Field Theory With Applications to String Theory",
publisher = "Springer",
year = 2009,
}

@Article{RationalCFT,
author = {Sergei Gukov, Cumrun Vafa},
title = {Rational Conformal Field Theories and Complex Multiplication},
journal = {hep-th/0203213},
year = {2002},
}

@Article{NonPeriodicIshibashi,
author = {Philippe Ruelle, Olivier Verhoeven},
title = {Non periodic Ishibashi states : the su(2) and su(3) affine theories},
journal = {hep-th 0201190v1},
year = {2002},
}

@Article{Ishibashi,
author = {Nobuyuki Ishibashi},
title = {The Boundary and Crosscap States in Conformal Field Theories},
journal = {hep-th 88080101},
year = {1988},
}

@Article{Rationality,
author = {Greg Anderson,Greg Moore},
title = {Rationality in Conformal Field Theory},
journal = {Commun. Math. Phys. 117, 441-450},
year = {1988},
}

@Book{BCFTBranes,
author = {Andreas Recknagel, Volker Schomerus},
title = {Boundary Conformal Field Theory and the Worldsheet Approach to D-Branes},
publisher = {Cambridge University Press},
year = {2013},
}

@InCollection{CardyCFT,
author = {John Cardy},
title = {Boundary Conformal Field Theory},
booktitle = {Encyclopedia of Mathematical Physics},
}

@Article{BoundaryGepner,
author = {Michihiro Naka, Mastoshi Nozaki},
title = {Boundary states in Gepner Models},
journal = {hep-th 0001037v2},
year = {2000},
}

@Article{IntegrableSystems,
author = {O. Babelon},
title = {A SHORT INTRODUCTION TO CLASSICAL AND QUANTUM INTEGRABLE SYTEMS},
year = {2007},
}

@Book{SpecFunc,
author = {Н.Н. Лебедев},
title = {Специальные функции и их приложения},
publisher = {Государственное издательство физико-математической литературы},
year = {1963},
}

@Book{HandbookFunc,
author = {M. Abramowitz, I. Stegun},
title = {Handbook of Mathematical Functions With Formulas, Graphs, and Mathematical Tables},
publisher = {National Bureau of Standards, Aplied Mathematics Series},
year = {1972},
OPTseries = {55},
OPTedition = {10},
}

@Article{Bachas95,
author = {C. Bachas},
title = {D-BRANE DYNAMICS},
journal = {hep-th/9511043},
year = {1995},
}

@Article{Frau97,
author = {M. Frau, I. Pesando, S. Sciuto A. Lerda and R. Russo},
title = {Scattering of closed strings from many D-branes},
journal = {Phys. Lett. B400 52, hep-th/9702037},
year = {1997},
}

@Article{Alekseev90,
author = {A. Alekseev and S. L. Shatashvili},
title = {Path Integral Quantization of the Coadjoint Orbits
of the Virasoro Group and 2D Gravity},
journal = { Nucl. Phys. B 323, 719 (1989); “From
geometric quantization to conformal field theory,” Commun. Math. Phys. 128, 197
},
year = {1990},
}

@Article{Bagrets16,
author = {D. Bagrets, A. Altland and A. Kamenev},
title = {“Sachdev-Ye-Kitaev model as Liouville quantum mechanics},
journal = {Nucl. Phys. B 911, 191 (2016) arXiv:1607.00694
[cond-mat.str-el]},
year = {2016},
}

@Article{Witten17,
author = {D. Stanford and E. Witten},
title = {Fermionic Localization of the Schwarzian Theory},
journal = {arXiv:1703.04612 [hep-th]},
year = {2017},
}


@Article{Kitaev16,
author = {A. Kitaev},
title = {Talk given IAS chaos workshop},
journal = {},
year = {Oct. 18, 2016},
}


@Article{ComtetHouston85,
author = { A. Comtet and P. J. Houston},
title = {Effective Action on the Hyperbolic Plane in a Constant
External Field},
journal = {J. Math. Phys. 26, 185 },
year = {1985},
}

@Article{Comtet85,
author = { A. Comtet and P. J. Houston},
title = {On the Landau Levels on
the Hyperbolic Plane},
journal = {Annals Phys. 173, 185},
year = {1987},
}

@Book{Bateman53,
author = {	H. Bateman (ed.) A. Erdélyi (ed.) et al. (ed.)},
title = {Higher transcendental functions , 2. Bessel functions, parabolic cylinder functions, orthogonal polynomials},
publisher = {McGraw-Hill},
year = {1953},
}

@Book{Whittaker52,
author = {E.T. Whittaker, G.N. Watson},
title = {A course of modern analysis},
publisher = {Cambridge Univ. Press},
year = {1952},
}

@Article{Zamolodchikov01,
author = { A. Zamolodchikov and Al. Zamolodchikov},
title = {Liouville Field Theory on a Pseudosphere},
journal = {arXiv:hep-th/0101152v1},
year = {2001},
}

@Article{Fateev00,
author = {V. Fateev, A. Zamolodchikov and Al. Zamolodchikov},
title = {Liouville Field Theory on a Pseudosphere},
journal = {hep-th/0001012},
year = {2000},
}

@Article{Gesser08,
author = {J. Ambjørn, J.A. Gesser},
title = {The Nature of ZZ branes},
journal = {Physics Letters B 659 (2008) 718–722},
year = {2008},
}

@Article{Shih04,
author = {Nathan Seiberg and David Shih},
title = {Branes, Rings and Matrix Models in Minimal (Super)string Theory},
journal = {arXiv:hep-th/0312170v2},
year = {2004},
}

@Article{SYK93,
author = {Subir Sachdev and Jinwu Y},
title = {Gapless Spin-Fluid Ground State in a Random Quantum Heisenberg Magnet},
journal = {Physical Review Letters .70.3339},
year = {1993},
}

@Article{Maldacena16,
author = {Juan Maldacena and Douglas Stanford},
title = {Remark on the Sachdev-Ye-Kitaev Model},
journal = {Physical Review Letters D, 94.106002},
year = {2016},
}

@Article{Polchinski16,
author = {Joseph Polchinski and Vladimir Rosenhaus},
title = {The spectrum in the Sachdev-Ye-Kitaev model},
journal = {JHEP 04},
year = {2016},
}

@Article{Mertens17,
author = {T.G. Mertens G.J. Turiachi and H.L Verlinde},
title = {Solving the Schwarzian via the Conformal Bootstrap},
journal = {arXiv:1705.08408v3 [hep-th]},
year = {2017},
}

@Article{Mandal17,
author = {G. Mandal, P. Nayak and S.R. Wadia},
title = {Virasoro coadjoint orbits of SYK/tensor-models and emergent two-dimensional quantum gravity},
journal = {arXiv:1702.04266 [hep-th]},
year = {2017},
}

@Article{Kirilov81,
author = { A. A. Kirillov},
title = {Orbits of the Group of Diffeomorphisms of a Circle and Local Lie
Superalgebras},
journal = {Functional Analysis and Its Applications 15 no. 2},
year = {1981},
}

@Article{Duistermaat82,
author = {J. J. Duistermaat and G. J. Heckman},
title = {On the Variation in the cohomology of the
symplectic form of the reduced phase space},
journal = {Invent. Math. 69, 259},
year = {1982},
}










